@MANUAL{svgspec,
    title = "Scalable Vector Graphics (SVG) 1.1 Specification {[online]}",
    organization = "WWW Consorcium",
    url = "http://www.w3.org/TR/2003/REC-SVG11-20030114/",
    note = "[cit. 2011-07-07]",
    key = "svg"
}

@INBOOK{kobltypo,
	title = "Praktick{\' a} typografie",
	author = "Pavel Ko{\v c}i{\v c}ka and Filip Bla{\v z}ek",
	publisher = "Brno: Computer Press",
	year = "2004"
}

@BOOK{rybicka,
	title = "LaTeX pro za\v c\'ate\v cn\'\i{}ky",
	author = "Ji{\v r}{\' i} Rybi{\v c}ka",
	isbn = "80-7302-049-1",
	publisher = "Brno: Konvoj",
	edition = "3"
}

@MANUAL{iso690,
	organization = "\'U\v rad pro technickou normalizaci, metrologii a st\'atn\'\i{} zku\v sebnictv\'\i{}",
	title = "\v CSN ISO 690 Informace a dokumentace -- Pravidla pro bibliografick\'e odkazy a citace informa\v cn\'\i{}ch zdroj{\r u}",
	year = "2011"
}


@ARTICLE {sitova-karta-s-fpga-xilinx,
    title  = "Síťová karta s FPGA Xilinx pro 1 a 10GbE",
    journal = "V: Pandatron - elektrotechnický magazín {[online]}",
    howpublished = "[online]",
    month  = "červen",
    year   = "2013",
    note = "[cit. 2015-10-31]",
    url    = "http://pandatron.cz/?2939&sitova_karta_s_fpga_xilinx_pro_1_a_10gbe"
}

@ARTICLE {PSNR,
    title  = "Peak Signal-to-Noise Ratio as an Image Quality Metric",
    month  = "Září",
    year   = "2013",	
    howpublished = "[online]",
    note = "[cit. 2016-06-25]",
    url    = "http://www.ni.com/white-paper/13306/en/",
	key = "PSNR"
}

@ARTICLE {PSNR2,
    title  = "A new color image quality measure based on YUV transformation and PSNR for human vision system",
	author="Yıldıray YALMAN and Ismail ERTURK",
    month  = "Listopad",
    year   = "2011",	
    howpublished = "[online]",
    note = "[cit. 2016-06-25]",
    url    = "http://journals.tubitak.gov.tr/elektrik/issues/elk-13-21-2/elk-21-2-20-1111-11.pdf",
	key = "PSNR2"
}

@ARTICLE {PSNR3,
    title  = "Measures of image quality",
	author="Todd Veldhuizen",
    month  = "Leden",
    year   = "1998",	
    howpublished = "[online]",
    note = "[cit. 2016-06-26]",
    url    = "http://homepages.inf.ed.ac.uk/rbf/CVonline/LOCAL_COPIES/VELDHUIZEN/node18.html",
	key = "PSNR3"
}

@ARTICLE {50PSNR,
    title  = "Image and Video quality assessment – Part One: MSE \& PSNR",
	author="Emanuele Colucci",
    month  = "Duben",
    year   = "2011",	
    howpublished = "[online]",
    note = "[cit. 2016-06-26]",
    url    = "http://emanuelecolucci.com/2011/04/image-and-video-quality-assessment-part-one-mse-psnr/",
	key = "PSNR3"
}
@ARTICLE {SSIM1,
    title  = "Image Quality Assessment: From Error Visibility to Structural Similarity",
	author="Zhou Wang and Alan C. Bovik",
    month  = "Květen",
    year   = "2004",	
    howpublished = "[online]",
    note = "[cit. 2016-07-01]",
    url    = "http://www.cns.nyu.edu/pub/lcv/wang03-preprint.pdf",
	key = "SSIM1"
}

@ARTICLE {SSIM2,
    title  = "MULTI-SCALE STRUCTURAL SIMILARITY FOR IMAGE QUALITY ASSESSMENT ",
	author="Zhou Wang and Eero P. Simoncelli and Alan C. Bovik",
    month  = "Listopad",
    year   = "2002",	
    howpublished = "[online]",
    note = "[cit. 2016-07-20]",
    url    = "http://ieeexplore.ieee.org/stamp/stamp.jsp?tp=&arnumber=1292216",
	key = "SSIM2"
}

@ARTICLE {stvssim,
    title  = "Efficient Motion Weighted Spatio-Temporal Video SSIM Index",
	author="Anush K. Moorthy and Alan C. Bovik",
    year   = "2010",	
    howpublished = "[online]",
    note = "[cit. 2016-10-08]",
    url    = "http://live.ece.utexas.edu/publications/2010/moorthy_spie_jan10.pdf",
	key = "stvssim"
}

@ARTICLE {MOVIE,
    title  = "Motion-based Perceptual Quality Assessment of Video",
	author="Kalpana Seshadrinathan and Alan C. Bovik",
    howpublished = "[online]",
    note = "[cit. 2016-10-08]",
    url    = "https://pdfs.semanticscholar.org/a272/ed5819b70d9987d2c436bd4e65ef1222293f.pdf",
	key = "MOVIE"
}

@ARTICLE {SSIM3,
    title  = "MULTI-SCALE STRUCTURAL SIMILARITY FOR IMAGE QUALITY ASSESSMENT",
	author="Zhou Wang and  Eero P. Simoncelli and Alan C. Bovik",
    howpublished = "[online]",
    note = "[cit. 2016-10-08]",
    url    = "https://ece.uwaterloo.ca/~z70wang/publications/msssim.pdf",
	key = "SSIM3"
}
@ARTICLE {ARPS,
    title  = "Adaptive Rood Pattern Search for Fast Block-Matching Motion Estimation",
	author="Yao Nie and  K. Ma",
    howpublished = "[online]",
    note = "[cit. 2016-10-11]",
	month  = "Prosinec",
    year   = "2002",
    url    = "https://pdfs.semanticscholar.org/7f78/41b7b9c98b1e1f52282bdc3c2710cf83d3f0.pdf",
	key = "ARPS"
}

@ARTICLE {H263,
    title  = "ITU-T H.263",
	author={{The International Telecommunication Union - Telecommunication Study Group 16}},
    howpublished = "[online]",
    note = "[cit. 2016-10-12]",
	month  = "Leden",
    year   = "2005",
    url    = "https://www.itu.int/rec/dologin_pub.asp?lang=e&id=T-REC-H.263-200501-I!!PDF-E&type=items",
	key = "H263"
}

@ARTICLE {nonref,
    title  = "No-Reference Image Quality Assessment in the Spatial Domain",
	author="Anish Mittal, Anush Krishna Moorthy, Alan Conrad Bovik",
    howpublished = "[online]",
    note = "[cit. 2016-10-28]",
	month  = "Prosinec",
    year   = "2012",
    url    = "http://live.ece.utexas.edu/publications/2012/TIP\%20BRISQUE.pdf",
	key = "nonref"
}

@ARTICLE {otherref,
    title  = "Image Quality Assessment Technique",
	author="Nisha, Sunil Kumar",
    howpublished = "[online]",
    note = "[cit. 2016-10-28]",
	month  = "Červenec",
    year   = "2013",
    url    = "https://www.ijarcsse.com/docs/papers/Volume_3/7_July2013/V3I7-0279.pdf",
	key = "otherref"
}




